
@misc{LearnIn2Hours,
    author={Norman Ramsey},
    title={Learn technical writing in two hours per week},
    url={https://www.cs.tufts.edu/~nr/pubs/two.pdf}
}


@misc{AGreatResearchPaper,
    author={Simon Peyton Jones},
    title={How to write a great research paper},
    url={https://www.microsoft.com/en-us/research/academic-program/write-great-research-paper/}
}

@misc{AGreatResearchTalk,
    author={Simon Peyton Jones},
    title={How to give a great research talk},
    url={https://www.microsoft.com/en-us/research/academic-program/give-great-research-talk/}
}

@Article{BGreatResearchTalk,
author = {Peyton Jones, Simon},
title = {How to give a good research talk},
year = {1993},
month = {November},
abstract = {Giving a good research talk is not easy. We try to identify some things which we have found helpful, in the hope that they may be useful to you.},
url = {https://www.microsoft.com/en-us/research/publication/how-to-give-a-good-research-talk/},
pages = {9-12},
journal = {SIGPLAN Notices},
volume = {28},
edition = {SIGPLAN Notices},
number = {11},
}

@misc{PeopleCanRead,
    author={SDerek Dreyer},
    title={How to Write Papers So People Can Read Them},
    url={https://popl16.sigplan.org/details/PLMW-2016-home/9/How-to-Write-Papers-So-People-Can-Read-Them}
}

@misc{HowToWriteThesis,
    author={Kim Kastens and Stephanie Pfirman and  Martin Stute and Bill Hahn and Dallas Abbott and Chris Scholz},
    title={How to Write Your Thesis},
    url={https://www.ldeo.columbia.edu/~martins/sen_sem/thesis_org.html}
}

@article{Flows,
    author = {Calcagno, Vincent and Demoinet, Emilie and Gollner, K and Guidi, Lionel and Ruths, D and de Mazancourt, Claire},
    year = {2012},
    month = {10},
    pages = {},
    title = {Flows of Research Manuscripts Among Scientific Journals Reveal Hidden Submission Patterns},
    volume = {338},
    journal = {Science (New York, N.Y.)},
    doi = {10.1126/science.1227833}
}

@misc{HowToWritePhDThesis,
    author={Stefan Ruger},
    title={HHow to write a good PhD thesis and survive the viva},
    url={http://people.kmi.open.ac.uk/stefan/thesis-writing.pdf}
}